Date,Revenue,COGS,Operating_Expenses,Net_Income
2024-01-31,148942,46770,50402,51770
2024-02-29,156530,60049,59189,37292
2024-03-31,124930,46037,53660,25233
2024-04-30,167388,54589,30654,82145
2024-05-31,148769,58366,55717,34686
2024-06-30,177577,65788,40937,70852
2024-07-31,174467,54419,53436,66612
2024-08-31,118598,50362,55359,12877
2024-09-30,111053,45267,54788,10998
2024-10-31,169453,50674,44469,74310
2024-11-30,174879,64930,57544,52405
2024-12-31,176132,65755,42516,67861
